<?xml version="1.0" encoding="UTF-8"?>
<collection xmlns:xsi="http://www.w3.org/2001/XMLSchema-instance" xsi:schemaLocation="http://www.loc.gov/MARC21/slim http://www.loc.gov/standards/marcxml/schema/MARC21slim.xsd" xmlns="http://www.loc.gov/MARC21/slim">
<record>
  <leader>01149cam a22002651  4500</leader>
  <controlfield tag="001">2686574</controlfield>
  <controlfield tag="003">NNC</controlfield>
  <controlfield tag="005">20150920222900.0</controlfield>
  <controlfield tag="008">000928s1948    le ac         000 0 ara d</controlfield>
  <datafield tag="035" ind1=" " ind2=" ">
    <subfield code="a">(OCoLC)ocm45086590</subfield>
  </datafield>
  <datafield tag="035" ind1=" " ind2=" ">
    <subfield code="9">ARD6186CU</subfield>
  </datafield>
  <datafield tag="035" ind1=" " ind2=" ">
    <subfield code="a">(NNC)2686574</subfield>
  </datafield>
  <datafield tag="040" ind1=" " ind2=" ">
    <subfield code="a">ZCU</subfield>
    <subfield code="c">ZCU</subfield>
  </datafield>
  <datafield tag="041" ind1="0" ind2=" ">
    <subfield code="a">arafre</subfield>
  </datafield>
  <datafield tag="099" ind1=" " ind2=" ">
    <subfield code="a">956.9</subfield>
    <subfield code="a">M88</subfield>
  </datafield>
  <datafield tag="100" ind1="1" ind2=" ">
    <subfield code="a">Muʻawwaḍ, Ibrāhīm.</subfield>
  </datafield>
  <datafield tag="245" ind1="1" ind2="0">
    <subfield code="a">Nubdhah tārīkhīyah ʻan Dār al-kutub al-Lubnānīyah, bi-qalam Ibrāhīm Muʻawwaḍ wa-Munīr Wuhaybah.</subfield>
  </datafield>
  <datafield tag="246" ind1="0" ind2=" ">
    <subfield code="i">Added t.-p. in French:</subfield>
    <subfield code="a">Historique de la Bibliothèque Nationale,</subfield>
    <subfield code="g">par Ibrahim Maouad et Mounir Wéhaiba. 1948. (République libanaise. Ministère de l'education nationale et des beaux arts)</subfield>
  </datafield>
  <datafield tag="260" ind1=" " ind2=" ">
    <subfield code="a">Bayrūt,</subfield>
    <subfield code="b">Maṭābiʻ Jadʻūn</subfield>
    <subfield code="c">1948.</subfield>
  </datafield>
  <datafield tag="300" ind1=" " ind2=" ">
    <subfield code="a">170 p.</subfield>
    <subfield code="b">illus., ports.</subfield>
  </datafield>
  <datafield tag="490" ind1="1" ind2=" ">
    <subfield code="a">al-Jumhūrīyah al-Lubnānīyah. Manshūrāt Wizārat al-tarbīyah al-waṭanīyah wa-al-funūn al-jamīlah</subfield>
  </datafield>
  <datafield tag="610" ind1="2" ind2="0">
    <subfield code="a">Dār al-Kutub al-Lubnānīyah</subfield>
    <subfield code="x">History.</subfield>
  </datafield>
  <datafield tag="700" ind1="1" ind2=" ">
    <subfield code="a">Wuhaybah, Munīr.</subfield>
  </datafield>
  <datafield tag="830" ind1=" " ind2="0">
    <subfield code="a">Manshūrāt Wizārat al-tarbīyah al-waṭanīyah wa-al-funūn al-jamīlah.</subfield>
  </datafield>
  <datafield tag="955" ind1=" " ind2=" ">
    <subfield code="b">0026813610</subfield>
    <subfield code="d">glx</subfield>
    <subfield code="e">956.9 M88</subfield>
  </datafield>
</record>
</collection>